@BOOK{ROGERS:2010,
AUTHOR="Everett M. Rogers",
TITLE="Diffusion of innovations",
PUBLISHER="Simon and Schuster",
YEAR="2010",
}